LDR  00686nam  2200193I  45  
005  19970627000000.0
008  730507 1966                        ger u
010       $a 67107293
035       $a 616686
040       $c CIN $d CU-Riv
090  1    $a AC30 $b .N84
245  00   $a 0+20 [i.e. Null plus zwanzig] $b Almanach der Nymphenburger Verlagshandlung 1946-1966.
260  0    $a Mèunchen $b [Nymphenburger Verlagshandlung] $c 1966.
300       $a 429 p. $c 20 cm.
500       $a UCR MONO: REC HAS NO 920 & NO 901 $b; DON'T CREATE 852; REJECT (03/06).
504       $a Bibliographical footnotes.
710  20   $a Nymphenburger Verlagshandlung.
740  01   $a Almanach der Nymphenburger Verlagshandlung 1946-1966.
901       $a RVB $b 10000021

Record 3
