LDR  00969cam  2200277 a 45  
005  19970627000000.0
008  830322s1983    nyu      b    00000 eng  
010       $a 82048668
020       $a 0060806605 (pbk.) :
020       $a 0060151587 :
035       $a 9393299
039  0    $a 2 $b 3 $c 3 $d 3 $e 3
040       $a DLC $c DLC $d CU-Riv
090       $a PR6029.R84 $b N556 1983
245  00   $a 1984 revisited : $b totalitarianism in our century / $c edited by Irving Howe.
250       $a 1st ed.
260  0    $a New York : $b Harper & Row, $c c1983.
300       $a x, 276 p. ; $c 22 cm.
500       $a UCR MONO: REC HAS NO 920, 901 $B IS 'MULTI', 998 CONTAINS NO $A'S; DON'T CREATE 852; REJECT (03/06).
504       $a Includes bibliographical references.
600  10   $a Orwell, George, $d 1903-1950. $t Nineteen eighty-four.
650   0   $a Totalitarianism.
700  10   $a Howe, Irving.
700  11   $a Orwell, George, $d 1903-1950. $t Nineteen eighty-four.
740  01   $a Nineteen eighty-four revisited.
901       $a RVB $b 10007489

Record 4
