LDR  00773cas  2200205I  45  
005  19970825000000.0
008  790326c19539999ru ur p       0    0rus  
010       $a 54028333 /L
035       $a 4784561
040       $a DLC $c LUU $d OCL $d CRU
049       $a CRUG
050       $a PG3101 $b .A44
110  2    $a Institut russkoæi literatury (Pushkinskiæi dom)
245  10   $a Russkoe narodnoe poçeticheskoe tvorchestvo. $c [Otvetstvennyi redaktor V. P. Adrianova-Peretëtìs]
260       $a Moskva, Izd-vo Akademii nauk SSSR, $c 1953-
300       $a v. $b illus. $c 23 cm.
500       $a UCR PE: REC HAS 850, BUT NO 850 $b; CREATE NO 852; REJECT (03/06).
650   0   $a Folk literature, Russian $x History and criticism.
700  2    $a Adrianova-Peretëtìs, V. P. $q (Varvara Pavlovna), $d 1888-1972, $e ed.
901       $a RVB $b 18306536

Record 7
