LDR  00703nas  2200205   45  
005  19970825000000.0
008  950418 1934    nyu      b    00110 eng  
010       $a 34-21616
035       $a aut10064152
049       $a CRUG
090       $a NA9010 $b .P32
098       $n ov=.b280488
111  2    $a Pacific Northwest regional planning conference.
245  10   $a Proceedings of the ... $c Pacific Northwest regional planning conference ...
260       $a Portland, Or. : $b Pacific Northwest regional planning commission, $c [1934-
300       $a v. : $b diagr. ; $c 23 cm.
362  0    $a [1934-
500       $a UCR PE: HAS NO 850, 901 LACKS $b; CREATE NO 852; REJECT (03/06).
650   0   $a Regional planning $x Congresses.
901       $a RVB $b 21492190

Record 8
