LDR  00838nas  2200241Ia 45  
005  19980127000000.0
008  860925c19549999cauwr p       0uuu 0eng d
035       $a 14262050
040       $a CRU $c CRU
049       $a CRUV $a [Micro-][film]CRUS $a CRUV
098       $n ov=.b2543564
099       $a Y $a R5H53
245  00   $a Highlander.
247  10   $a UCR Cub, $f v. 1, no. 1-v. 3, no. 7.
260  00   $a Riverside, Calif. : $b Univ. of Calif., Riverside, $c 1954-
300       $a v. : $b ill. ; $c 38 cm.
310       $a Weekly (27 issues during academic year)
362  0    $a Vol. 1, no. 1 (Feb. 1954)-
500       $a UCR PE: EACH 850 LOC BEGINS 'rd'; CREATE NO 852; REJECT (03/06).
515       $a Numbering for v. 25 is repeated on issues for 1978 and 79.
610  20   $a University of California, Riverside.
710  20   $a University of California, Riverside.
901       $a RVB $b 21770268

Record 11
