LDR  00962cas  2200265I  45  
005  19980129000000.0
008  770310c19579999azumr p       0uuua0eng d
010       $a 63049070
022       $a 0006-7520
035       $a 2791645
040       $a UCU $c UCU $d IUL $d CRU
050  0    $a Z1251.S8 $b B6
098       $n ov=.b291694
245  00   $a Books of the Southwest.
260  00   $a Tucson, Ariz. [etc.] $b University of Arizona Library [etc.]
300       $a v. $c 22 cm. monthly.
362  0    $a no. 1-   June 1957-
500       $a UCR PE: NO 850S, 901 $b BEGINS 'rd'; CREATE NO 852; REJECT (03/06).
550  0    $a Formerly issued by the University of California at Los Angeles Library.
650   0   $a American literature $z Southwest, New $x Bibliography $x Periodicals.
651   0   $a Southwest, New $x Bibliography $x Periodicals.
691   0   $a Southwest, New $x Bibliography.
710  11   $a California. $b University, Los Angeles. $b Library.
710  21   $a University of Arizona. $b Library.
901       $a RVB $b 21682331

Record 12
