LDR  00894cam  2200253I  45  
005  19980209000000.0
008  760204m19649999xx            00000 germ 
010       $a 72311331
020       $a 3503000151
035       $a 1966280
040       $a DLC $c JHE $d CU-Riv
098       $n ov=.b101058x
099       $a KKC $a E74
100  10   $a Erler, Adalbert, $d 1904-
245  10   $a Handwèorterbuch zur deutschen Rechtsgeschichte. $c Unter Mitarbeit von Wolfgang Stammler, hrsg von Adalbert Erler und Ekkehart Kaufmann.
260  0    $a [Berlin] $b E. Schmidt $c [c 1971-
300       $a v. $c 26 cm.
500       $a UCR MONO: NO 920s, LOC IN 901 $b BEGINS 'rd'; CREATE NO 852; REJECT (03/06).
504       $a Includes bibliography.
650   0   $a Law $x History $x Dictionaries $x German.
650   0   $a Law $z Germany (West) $x History $x Dictionaries.
700  10   $a Kaufmann, Ekkehard.
700  10   $a Stammler, Wolfgang, $d 1886-1965.
901       $a RVB $b 13048193

Record 15
