LDR  00656pam  2200193 a 45  
005  19980210000000.0
008  880202s1988    maubf    d    000 0 eng  
010       $a 88001643
020       $a 0877794464
035       $a 17508209
040       $a DLC $c DLC $d CU-Riv
090       $a G103.5 $b .W42 1988
245  00   $a Webster's new geographical dictionary.
260       $a Springfield, Mass. : $b Merriam-Webster, $c c1988.
300       $a xxix, 1376 p., [2] p. of plates : $b maps ; $c 25 cm.
500       $a UCR MONO: NO 920s, 901 $b IS 'multi', 2 $A'S IN 998 BEGIN 'rd'; CREATE NO 852; REJECT (03/06).
650   0   $a Geography $x Dictionaries.
710  20   $a Merriam-Webster, Inc.
901       $a RVB $b 20837458

Record 16
