LDR  00604nam  2200181   45  
008                                     eng  
098       $n ov=.b5587712
245   0   $a COLLECTED ALGORITHMS FROM ACM.
260  1    $a New York : Association for Computing Machinery.
500       $a UCR: UNKNOWN CATALOGING SOURCE IN 901 $a: REJECT RECORD
700       $a ASSOCIATION FOR COMPUTING MACHINERY.
901       $a xxXb25118006 $b r     $c b
902       $a 10-13-97
907       $a .b25118006
920       $l ed7 $d - $f -
990       $a ISSUED WITH COLLECTED ALGORITHMS FROM ASM SUPPLEMENT (MICROFORM)
998       $a r    
999       $b 0 $c   -  -   $d p $e s $f b $g 0

Record 17
